<record><leader>00000cas a22000007a 4500</leader><controlfield tag="001">12332738</controlfield><controlfield tag="008">850801d19031981iauwr ne      0    0eng d</controlfield><datafield ind1=" " ind2=" " tag="010"><subfield code="a">sn 85049689 </subfield></datafield><datafield ind1=" " ind2=" " tag="040"><subfield code="a">INP</subfield><subfield code="b">eng</subfield><subfield code="c">INP</subfield><subfield code="d">OCLCQ</subfield></datafield><datafield ind1=" " ind2=" " tag="042"><subfield code="a">msc</subfield></datafield><datafield ind1="0" ind2=" " tag="130"><subfield code="a">Humboldt independent (Humboldt, Iowa : 1903)</subfield></datafield><datafield ind1="1" ind2="0" tag="245"><subfield code="a">Humboldt independent.</subfield></datafield><datafield ind1="1" ind2="3" tag="246"><subfield code="a">Humboldt County independent</subfield></datafield><datafield ind1=" " ind2=" " tag="260"><subfield code="a">Humboldt, Iowa :</subfield><subfield code="b">A.M. &amp; M.L. Adams,</subfield><subfield code="c">-1981.</subfield></datafield><datafield ind1=" " ind2=" " tag="300"><subfield code="a">v. :</subfield><subfield code="b">ill.</subfield></datafield><datafield ind1=" " ind2=" " tag="310"><subfield code="a">Weekly</subfield></datafield><datafield ind1="1" ind2=" " tag="362"><subfield code="a">Began July 16, 1903?</subfield></datafield><datafield ind1="0" ind2=" " tag="362"><subfield code="a">-v. 122, no. 1 (June 27, 1981).</subfield></datafield><datafield ind1=" " ind2=" " tag="500"><subfield code="a">Publisher varies.</subfield></datafield><datafield ind1=" " ind2=" " tag="500"><subfield code="a">Includes separately numbered section called: The Bode bugle, June 6-27, 1981.</subfield></datafield><datafield ind1=" " ind2=" " tag="500"><subfield code="a">Original editor: Al Adams.</subfield></datafield><datafield ind1=" " ind2=" " tag="515"><subfield code="a">&lt;Vol. 33, no. 1 (July 16, 1903)&gt;- called also whole no. &lt;1873&gt;-</subfield></datafield><datafield ind1=" " ind2=" " tag="515"><subfield code="a">Issues frequently misnumbered and misdated.</subfield></datafield><datafield ind1=" " ind2=" " tag="580"><subfield code="a">Continues local ed. of: Humboldt County independent (Dakota City, Iowa : 1885).</subfield></datafield><datafield ind1=" " ind2=" " tag="588"><subfield code="a">Description based on: Vol. 33, no. 1 (July 16, 1903).</subfield></datafield><datafield ind1=" " ind2=" " tag="752"><subfield code="a">United States</subfield><subfield code="b">Iowa</subfield><subfield code="c">Humboldt</subfield><subfield code="d">Humboldt.</subfield></datafield><datafield ind1=" " ind2=" " tag="752"><subfield code="a">United States</subfield><subfield code="b">Iowa</subfield><subfield code="c">Humboldt</subfield><subfield code="d">Bode.</subfield></datafield><datafield ind1="1" ind2=" " tag="775"><subfield code="t">Humboldt County independent (Dakota City, Iowa : 1885)</subfield><subfield code="w">(DLC)sn 85049688</subfield></datafield><datafield ind1="1" ind2="1" tag="780"><subfield code="t">Humboldt County independent (Dakota City, Iowa : 1885)</subfield><subfield code="w">(DLC)sn 85049688</subfield></datafield><datafield ind1="0" ind2="5" tag="780"><subfield code="t">Humboldt County independent (Dakota City, Iowa : 1885)</subfield><subfield code="w">(DLC)sn 85049688</subfield></datafield><datafield ind1="0" ind2="0" tag="785"><subfield code="t">Humboldt County independent (Humboldt, Iowa : 1981)</subfield><subfield code="w">(DLC)sn 87057823</subfield></datafield><datafield ind1="1" ind2=" " tag="787"><subfield code="t">Bode bugle</subfield></datafield></record>